
@article{smits_measurement_1958,
	title = {Measurement of Sheet Resistivities with the Four-Point Probe},
	volume = {37},
	url = {http://onlinelibrary.wiley.com/doi/10.1002/j.1538-7305.1958.tb03883.x/abstract},
	pages = {711--718},
	number = {3},
	journaltitle = {Bell System Technical Journal},
	author = {Smits, F. M.},
	urldate = {2014-11-07},
	date = {1958},
	file = {[PDF] à partir de alcatel.hu:/home/manu/.mozilla/firefox/emtvoexx.default/zotero/storage/S87BAZKC/Smits - 1958 - Measurement of Sheet Resistivities with the Four-P.pdf:application/pdf;Snapshot:/home/manu/.mozilla/firefox/emtvoexx.default/zotero/storage/PFHA4D66/abstract.html:text/html}
}

@mvbook{kittel_introduction_1976,
	title = {Introduction to solid state physics},
	volume = {8},
	url = {http://tocs.ulb.tu-darmstadt.de/125610068.pdf},
	publisher = {Wiley New York},
	author = {Kittel, Charles and {McEuen}, Paul},
	urldate = {2014-11-07},
	date = {1976},
	file = {[PDF] à partir de tu-darmstadt.de:/home/manu/.mozilla/firefox/emtvoexx.default/zotero/storage/8QMZ76TQ/Kittel et McEuen - 1976 - Introduction to solid state physics.pdf:application/pdf}
}

@article{philipsgloeilampenfabrieken_method_1958,
	title = {A method of measuring specific resistivity and Hall effect of discs of arbitrary shape},
	volume = {13},
	url = {http://aki.issp.u-tokyo.ac.jp/okano/WalWiki/etc/VDP_PRR_13_1.pdf},
	number = {1},
	journaltitle = {Philips research reports},
	author = {{PHILIPS}'{GLOEILAMPENFABRIEKEN}, {OFNV}},
	urldate = {2014-11-07},
	date = {1958},
	file = {[PDF] à partir de u-tokyo.ac.jp:/home/manu/.mozilla/firefox/emtvoexx.default/zotero/storage/39GINJ9K/PHILIPS'GLOEILAMPENFABRIEKEN - 1958 - A method of measuring specific resistivity and Hal.pdf:application/pdf}
}
